@book{salomon2004data,
  title={Data Compression.: The Complete Reference.},
  author={Salomon, D.},
  isbn={9780387406978},
  lccn={2003065725},
  url={http://books.google.co.za/books?id=FlWjiShUst0C},
  year={2004},
  publisher={Springer-Verlag New York Incorporated}
}
@INPROCEEDINGS{1607248,
author={Ratanaworabhan, P. and Ke, J. and Burtscher, M.},
booktitle={Data Compression Conference, 2006. DCC 2006. Proceedings}, title={Fast lossless compression of scientific floating-point data},
year={2006},
pages={133-142},
keywords={data compression;Pentium 4 machine;lossless compression;run-time overhead;scientific floating-point data;short communication latencies;storage devices;Analytical models;Bandwidth;Compression algorithms;Computational modeling;Computer simulation;Concurrent computing;Data engineering;Delay;Libraries;Registers},
doi={10.1109/DCC.2006.35},
ISSN={1068-0314},}
@ARTICLE{4589203,
author={Burtscher, M. and Ratanaworabhan, P.},
journal={Computers, IEEE Transactions on}, title={FPC: A High-Speed Compressor for Double-Precision Floating-Point Data},
year={2009},
volume={58},
number={1},
pages={18-31},
keywords={data compression;geometry;BZIP2;DFCM;FSD;GZIP;PLMI;data compression;double-precision floating-point data;floating point compression;geometric-mean compression ratio;linear streams;lossless compression algorithm;scientific data sets compression;scientific programs;Compression algorithms;Computer crashes;Computer networks;Data compression;Data models;Flexible printed circuits;Impedance;Prediction methods;Steady-state;Throughput;Code tuning;Data compaction and compression},
doi={10.1109/TC.2008.131},
ISSN={0018-9340},} 
@inproceedings{engelson2000lossless,
  title={Lossless compression of high-volume numerical data from simulations},
  author={Engelson, Vadim and Fritzson, Dag and Fritzson, Peter},
  booktitle={Data Compression Conference},
  pages={574--586},
  year={2000},
  organization={Citeseer}
}
@article{lindstrom2006fast,
  title={Fast and efficient compression of floating-point data},
  author={Lindstrom, Peter and Isenburg, Martin},
  journal={Visualization and Computer Graphics, IEEE Transactions on},
  volume={12},
  number={5},
  pages={1245--1250},
  year={2006},
  publisher={IEEE}
}
@article{Cannane:2002:GCS:568727.568730,
 author = {Cannane, Adam and Williams, Hugh E.},
 title = {A general-purpose compression scheme for large collections},
 journal = {ACM Trans. Inf. Syst.},
 issue_date = {July 2002},
 volume = {20},
 number = {3},
 month = jul,
 year = {2002},
 issn = {1046-8188},
 pages = {329--355},
 numpages = {27},
 url = {http://doi.acm.org/10.1145/568727.568730},
 doi = {10.1145/568727.568730},
 acmid = {568730},
 publisher = {ACM},
 address = {New York, NY, USA},
 keywords = {phrase-based compression, random access, sampling},
}
@ARTICLE{952804,
author={Skodras, A. and Christopoulos, C. and Ebrahimi, T.},
journal={Signal Processing Magazine, IEEE}, title={The JPEG 2000 still image compression standard},
year={2001},
volume={18},
number={5},
pages={36-58},
keywords={ISO standards;code standards;data compression;entropy codes;image coding;quantisation (signal);reviews;standardisation;telecommunication standards;transform coding;wavelet transforms;ISO/IEC;JPEG 2000 still image compression standard;Part I standard;entropy coding;error resilience;file format;image tiling;international standard;multicomponent transformations;performance comparisons;quantization;region-of-interest coding;scalability;standardization committee;visual weighting;wavelet transforms;Entropy coding;IEC standards;ISO standards;Image coding;Quantization;Resilience;Scalability;Standardization;Transform coding;Wavelet transforms},
doi={10.1109/79.952804},
ISSN={1053-5888},}
@article{williams1999compressing,
  title={Compressing integers for fast file access},
  author={Williams, Hugh E and Zobel, Justin},
  journal={The Computer Journal},
  volume={42},
  number={3},
  pages={193--201},
  year={1999},
  publisher={Br Computer Soc}
}
@inproceedings{ray1995database,
  title={Database compression: A performance enhancement tool},
  author={Ray, Gautam and Haritsa, Jayant R and Seshadri, S},
  booktitle={International Conference on Management of Data},
  pages={4},
  year={1995}
}
@inproceedings{abadi2006integrating,
  title={Integrating compression and execution in column-oriented database systems},
  author={Abadi, Daniel and Madden, Samuel and Ferreira, Miguel},
  booktitle={Proceedings of the 2006 ACM SIGMOD international conference on Management of data},
  pages={671--682},
  year={2006},
  organization={ACM}
}
@article{Witten:1987:ACD:214762.214771,
 author = {Witten, Ian H. and Neal, Radford M. and Cleary, John G.},
 title = {Arithmetic coding for data compression},
 journal = {Commun. ACM},
 issue_date = {June 1987},
 volume = {30},
 number = {6},
 month = jun,
 year = {1987},
 issn = {0001-0782},
 pages = {520--540},
 numpages = {21},
 url = {http://doi.acm.org/10.1145/214762.214771},
 doi = {10.1145/214762.214771},
 acmid = {214771},
 publisher = {ACM},
 address = {New York, NY, USA},
}
@ARTICLE{1701920,
author={Bassiouni, M.A.},
journal={Software Engineering, IEEE Transactions on}, title={Data Compression in Scientific and Statistical Databases},
year={1985},
volume={SE-11},
number={10},
pages={1047-1058},
keywords={Coding techniques;data compression;data storage;data transmission;scientific/statistical databases;Computer science;Costs;Data communication;Data compression;Database systems;Demography;Economic forecasting;Information retrieval;Memory;Transaction databases;Coding techniques;data compression;data storage;data transmission;scientific/statistical databases},
doi={10.1109/TSE.1985.231852},
ISSN={0098-5589},}
@article{Roth:1993:DC:163090.163096,
 author = {Roth, Mark A. and Van Horn, Scott J.},
 title = {Database compression},
 journal = {SIGMOD Rec.},
 issue_date = {Sept. 1993},
 volume = {22},
 number = {3},
 month = sep,
 year = {1993},
 issn = {0163-5808},
 pages = {31--39},
 numpages = {9},
 url = {http://doi.acm.org/10.1145/163090.163096},
 doi = {10.1145/163090.163096},
 acmid = {163096},
 publisher = {ACM},
 address = {New York, NY, USA},
}
@inproceedings{Tao:1994:PTS:951087.951108,
 author = {Tao, Hai and Moorhead, Robert J.},
 title = {Progressive transmission of scientific data using biorthogonal wavelet transform},
 booktitle = {Proceedings of the conference on Visualization '94},
 series = {VIS '94},
 year = {1994},
 isbn = {0-7803-2521-4},
 location = {Washinton, D.C.},
 pages = {93--99},
 numpages = {7},
 url = {http://dl.acm.org/citation.cfm?id=951087.951108},
 acmid = {951108},
 publisher = {IEEE Computer Society Press},
 address = {Los Alamitos, CA, USA},
} 
@inproceedings{O'Neil:2011:FDC:1964179.1964189,
author = {O'Neil, Molly A. and Burtscher, Martin},
title = {Floating-point data compression at 75 Gb/s on a GPU},
booktitle = {Proceedings of the Fourth Workshop on General Purpose Processing on Graphics Processing Units},
series = {GPGPU-4},
year = {2011},
isbn = {978-1-4503-0569-3},
location = {Newport Beach, California},
pages = {7:1--7:7},
articleno = {7},
numpages = {7},
url = {http://doi.acm.org/10.1145/1964179.1964189},
doi = {10.1145/1964179.1964189},
acmid = {1964189},
publisher = {ACM},
address = {New York, NY, USA},
keywords = {GPGPU, floating-point data, lossless data compression, real-time compression},
}
@INPROCEEDINGS{4976448,

author={Burtscher, M. and Ratanaworabhan, P.},

booktitle={Data Compression Conference, 2009. DCC '09.}, title={pFPC: A Parallel Compressor for Floating-Point Data},

year={2009},

pages={43-52},

keywords={shared memory systems;FPC compression algorithm;Xeon system;compression ratio maximization;floating-point data;frequency 3 GHz;parallel compressor;Application software;Bandwidth;Compression algorithms;Data compression;Encoding;Flexible printed circuits;Multidimensional systems;Parallel algorithms;Throughput;Yarn;FPC algorithm;data compression;floating-point compression;parallel compression},

doi={10.1109/DCC.2009.43},

ISSN={1068-0314},}
@ARTICLE{4610935,
journal={IEEE Std 754-2008},
title={IEEE Standard for Floating-Point Arithmetic},
year={2008},
pages={1-70},
keywords={IEEE standards;floating point arithmetic;programming;IEEE standard;arithmetic formats;computer programming;decimal floating-point arithmetic;754-2008;NaN;arithmetic;binary;computer;decimal;exponent;floating-point;format;interchange;number;rounding;significand;subnormal},
doi={10.1109/IEEESTD.2008.4610935},}
@article{blelloch1990prefix,
  title={Prefix sums and their applications},
  author={Blelloch, Guy E},
  year={1990}
}
@article{harris2007parallel,
  title={Parallel prefix sum (scan) with CUDA},
  author={Harris, Mark and Sengupta, Shubhabrata and Owens, John D},
  journal={GPU gems},
  volume={3},
  number={39},
  pages={851--876},
  year={2007}
}